%
% Reports etc.
%
%collaboration={The Committee on the Assessment of and Outlook for Nuclear Physics; Board on Physics and Astronomy; Division on Engineering and Physical Sciences; National Research Council},
%url={http://www.nap.edu/openbook.php?record_id=13438},	
@book{national2012Nuclear,
  title={Nuclear Physics: Exploring the Heart of Matter},
  isbn={9780309260404},
  year={2012},
  publisher={The National Academies Press}
}

@article{numatrix,
      author         = "Freedman, Stuart J. and Kayser, Boris",
      title          = "{The Neutrino matrix}",
      collaboration  = "APS Multidivisional Neutrino Study",
      year           = "2004",
      eprint         = "physics/0411216",
      archivePrefix  = "arXiv",
      primaryClass   = "physics",
      SLACcitation   = "%%CITATION = PHYSICS/0411216;%%",
}

@article{nuced,
	collaboration="{DOE/NSF Nuclear Science Advisory Committee Subcommittee on Education}",
	title="{Education in Nuclear Science: A Status Report and recommendations for the Beginning of the 21st Century}",
	year ="2004"
}

%
%CUORE Papers.
%
@article{Alessandria:2011rc,
      author         = "Alessandria, F. and others",
      title          = "{Sensitivity of CUORE to Neutrinoless Double-Beta Decay}",
      collaboration = {CUORE},
      year           = "2011",
      eprint         = "1109.0494",
      archivePrefix  = "arXiv",
      primaryClass   = "nucl-ex",
      SLACcitation   = "%%CITATION = ARXIV:1109.0494;%%",
}

@article{Alessandria:2012ha,
      author         = "Alessandria, F. and others",
      collaboration = {CUORE},
      title          = "{The low energy spectrum of TeO2 bolometers: results and
                        perspectives for the CUORE-0 and CUORE experiments}",
      year           = "2012",
      eprint         = "1209.2519",
      archivePrefix  = "arXiv",
      primaryClass   = "physics.ins-det",
      SLACcitation   = "%%CITATION = ARXIV:1209.2519;%%",
}


%
%CUORICINO Papers
%
@article{Fiorini198483,
title = "{Low-temperature calorimetry for rare decays}",
journal = "Nucl.Instrum.Meth.A",
volume = "224",
number = "1-2",
pages = "83 - 88",
year = "1984",
note = "",
issn = "0167-5087",
doi = "10.1016/0167-5087(84)90449-6",
url = "http://www.sciencedirect.com/science/article/pii/0167508784904496",
author = "E. Fiorini and T.O. Niinikoski"
}

@article{CC2008,
      author         = "Arnaboldi, C. and others",
      title          = "{Results from a search for the 0 neutrino beta beta-decay
                        of Te-130}",
      collaboration  = "CUORICINO",
      journal        = "Phys.Rev.",
      volume         = "C78",
      pages          = "035502",
      doi            = "10.1103/PhysRevC.78.035502",
      year           = "2008",
      eprint         = "0802.3439",
      archivePrefix  = "arXiv",
      primaryClass   = "hep-ex",
      SLACcitation   = "%%CITATION = ARXIV:0802.3439;%%",
}


@article{CCExcited,
  title = "{Search for double-$$\beta${}$ decay of ${}^{130}$Te to the first ${0}^{+}$ excited state of ${}^{130}$Xe with the CUORICINO experiment bolometer array}",
  author = {Andreotti, E. and others},
  collaboration = {CUORICINO},
  journal = {Phys. Rev. C},
  volume = {85},
  issue = {4},
  pages = {045503},
  numpages = {6},
  year = {2012},
  month = {Apr},
  doi = {10.1103/PhysRevC.85.045503},
  url = {http://link.aps.org/doi/10.1103/PhysRevC.85.045503},
  publisher = {American Physical Society}
}

@PHDTHESIS{laura,
	author={Kogler, L.},
	title="{A measurement of the 2 neutrino double beta decay rate of $^{130}$Te in the CUORICINO experiment}",
	school={University of California Berkeley},
	year={2011}
}

@book{vignati,
      author         = "Vignati, Marco",
      title          = "{Model of the Response Function of CUORE Bolometers}",
      publisher = "{SpringerLink}",
      doi            = "10.1007/978-94-007-1232-4",
      year           = "2011",
      SLACcitation   = "%%CITATION = INSPIRE-1224041;%%",
}


%
%KamLAND-Zen Papers
%
@article{KZ0nu,
      author  = "Gando, A. and others",
      title          = "{Limit on Neutrinoless $\beta\beta$ Decay of Xe-136 from
                        the First Phase of KamLAND-Zen and Comparison with the
                        Positive Claim in Ge-76}",
      collaboration  = "KamLAND-Zen",
      journal        = "Phys.Rev.Lett.",
      volume         = "110",
      pages          = "062502",
      year           = "2013",
      eprint         = "1211.3863",
      archivePrefix  = "arXiv",
      primaryClass   = "hep-ex",
      SLACcitation   = "%%CITATION = ARXIV:1211.3863;%%",
}


@article{KZMaj,
  title = "{Limits on Majoron-emitting double-$\beta$ decays of $^{136}$Xe in the KamLAND-Zen experiment}",
  author = {Gando, A. and others},
  collaboration = {KamLAND-Zen},
  journal = {Phys. Rev. C},
  volume = {86},
  issue = {2},
  pages = {021601},
  numpages = {4},
  year = {2012},
  month = {Aug},
  doi = {10.1103/PhysRevC.86.021601},
  url = {http://link.aps.org/doi/10.1103/PhysRevC.86.021601},
  publisher = {American Physical Society}
}

@article{KZ2nu,
  title = "{Measurement of the double-$\beta$ decay half-life of $^{136}$Xe with the KamLAND-Zen experiment}",
  author = {Gando, A. and others},
  collaboration = {KamLAND-Zen},
  journal = {Phys. Rev. C},
  volume = {85},
  issue = {4},
  pages = {045504},
  numpages = {6},
  year = {2012},
  month = {Apr},
  doi = {10.1103/PhysRevC.85.045504},
  url = {http://link.aps.org/doi/10.1103/PhysRevC.85.045504},
  publisher = {American Physical Society}
}


%
%Other 0nuBB Results
%
%Klapdor
@article{KKK2006,
      author         = "Klapdor-Kleingrothaus, H.V. and Krivosheina, I.V.",
      title          = "{The evidence for the observation of 0nu beta beta decay:
                        The identification of 0nu beta beta events from the full
                        spectra}",
      journal        = "Mod.Phys.Lett.",
      volume         = "A21",
      pages          = "1547-1566",
      doi            = "10.1142/S0217732306020937",
      year           = "2006",
      SLACcitation   = "%%CITATION = MPLAE,A21,1547;%%",
}

%EXO
@article{EXO2012,
  title = "{Search for Neutrinoless Double-Beta Decay in $^{136}\mathrm{Xe}$ with EXO-200}",
  author = {Auger, M. and others},
  collaboration = {EXO},
  journal = {Phys. Rev. Lett.},
  volume = {109},
  issue = {3},
  pages = {032505},
  numpages = {6},
  year = {2012},
  month = {Jul},
  doi = {10.1103/PhysRevLett.109.032505},
  url = {http://link.aps.org/doi/10.1103/PhysRevLett.109.032505},
  publisher = {American Physical Society}
}

@article{Leonard:2007uv,
      author = "D.S. Leonard and P. Grinberg and P. Weber and E. Baussan and Z. Djurcic and G. Keefer and A. Piepke and A. Pocar and J.-L. Vuilleumier and J.-M. Vuilleumier and D. Akimov and A. Bellerive and M. Bowcock and M. Breidenbach and A. Burenkov and R. Conley and W. Craddock and M. Danilov and R. DeVoe and M. Dixit and A. Dolgolenko and I. Ekchtout and W. Fairbank Jr. and J. Farine and P. Fierlinger and B. Flatt and G. Gratta and M. Green and C. Hall and K. Hall and D. Hallman and C. Hargrove and R. Herbst and J. Hodgson and S. Jeng and S. Kolkowitz and A. Kovalenko and D. Kovalenko and F. LePort and D. Mackay and M. Moe and M. Montero DÌ?ez and R. Neilson and A. Odian and K. O‰ÛªSullivan and L. Ounalli and C.Y. Prescott and P.C. Rowson and D. Schenker and D. Sinclair and K. Skarpaas and G. Smirnov and V. Stekhanov and V. Strickland and C. Virtue and K. Wamba and J. Wodin",
      title          = "{Systematic study of trace radioactive impurities in
                        candidate construction materials for EXO-200}",
      journal        = "Nucl.Instrum.Meth.A",
      volume         = "A591",
      pages          = "490-509",
      doi            = "10.1016/j.nima.2008.03.001",
      year           = "2008",
      eprint         = "0709.4524",
      archivePrefix  = "arXiv",
      primaryClass   = "physics.ins-det",
      reportNumber   = "SLAC-PUB-12916",
      SLACcitation   = "%%CITATION = ARXIV:0709.4524;%%",
}

%
% GERDA
%

@article{gerda2013,
      author         = "Agostini, M. and others",
      title          = "{Results on neutrinoless double beta decay of 76Ge from
                        GERDA Phase I}",
      collaboration  = "GERDA Collaboration",
      journal        = "Phys.Rev.Lett.",
      volume         = "111",
      pages          = "122503",
      doi            = "10.1103/PhysRevLett.111.122503",
      year           = "2013",
      eprint         = "1307.4720",
      archivePrefix  = "arXiv",
      primaryClass   = "nucl-ex",
      SLACcitation   = "%%CITATION = ARXIV:1307.4720;%%",
}


%
%Background
%
@Article{Maki:1962mu,
     author    = "Maki, Z. and Nakagawa, M. and Sakata, S.",
     title     = "{Remarks on the Unified Model of Elementary Particles}",
     journal   = "Prog. Theor. Phys.",
     volume    = "28",
     year      = "1962",
     pages     = "870",
     doi       = "10.1143/PTP.28.870",
     SLACcitation  = "%%CITATION = PTPKA,28,870;%%"
}

@Article{Pontecorvo:1957qd,
     author    = "Pontecorvo, B.",
     title     = "{Inverse Beta Processes and Non-Conservation of Lepton
                  Charge}",
     journal   = "Sov. Phys. JETP",
     volume    = "7",
     year      = "1958",
     pages     = "172-173",
     SLACcitation  = "%%CITATION = SPHJA,7,172;%%"
}

@article{minos,
      author         = "Adamson, P. and others",
      title          = "{An improved measurement of muon antineutrino
                        disappearance in MINOS}",
      collaboration  = "MINOS",
      journal        = "Phys.Rev.Lett.",
      volume         = "108",
      pages          = "191801",
      doi            = "10.1103/PhysRevLett.108.191801",
      year           = "2012",
      eprint         = "1202.2772",
      archivePrefix  = "arXiv",
      primaryClass   = "hep-ex",
      reportNumber   = "FERMILAB-PUB-12-037-E",
      SLACcitation   = "%%CITATION = ARXIV:1202.2772;%%",
}

@article{skatm,
      author         = "Wendell, R. and others",
      title          = "{Atmospheric neutrino oscillation analysis with
                        sub-leading effects in Super-Kamiokande I, II, and III}",
      collaboration  = "Super-Kamiokande",
      journal        = "Phys.Rev.",
      volume         = "D81",
      pages          = "092004",
      doi            = "10.1103/PhysRevD.81.092004",
      year           = "2010",
      eprint         = "1002.3471",
      archivePrefix  = "arXiv",
      primaryClass   = "hep-ex",
      SLACcitation   = "%%CITATION = ARXIV:1002.3471;%%",
}

%
%OnuBB ref.
%

@article{phasespace,
  title = "{Phase-space factors for double-$\beta$ decay}",
  author = {Kotila, J. and Iachello, F.},
  journal = {Phys. Rev. C},
  volume = {85},
  issue = {3},
  pages = {034316},
  numpages = {13},
  year = {2012},
  month = {Mar},
  doi = {10.1103/PhysRevC.85.034316},
  url = {http://link.aps.org/doi/10.1103/PhysRevC.85.034316},
  publisher = {American Physical Society}
}

@article{newphysics0nuBB,
      author         = "Ali, A. and Borisov, A.V. and Zhuridov, D.V.",
      title          = "{Probing new physics in the neutrinoless double beta
                        decay using electron angular correlation}",
      journal        = "Phys.Rev.",
      volume         = "D76",
      pages          = "093009",
      doi            = "10.1103/PhysRevD.76.093009",
      year           = "2007",
      eprint         = "0706.4165",
      archivePrefix  = "arXiv",
      primaryClass   = "hep-ph",
      reportNumber   = "DESY-07-097",
      SLACcitation   = "%%CITATION = ARXIV:0706.4165;%%",
}

 	
@article{sens0nu,
  author={Avignone III, F. T.  and King III, G. S. and Yu G Zdesenko},
  title="{Next generation double-beta decay experiments: metrics for their evaluation}",
  journal={New Journal of Physics},
  volume={7},
  number={1},
  pages={6},
  url={http://stacks.iop.org/1367-2630/7/i=1/a=006},
  year={2005}
}


@article{Danevich2001,
title = "{Quest for double beta decay of 160Gd and Ce isotopes}",
journal = "Nuclear Physics A",
volume = "694",
number = "1‰ÛÒ2",
pages = "375 - 391",
year = "2001",
note = "",
issn = "0375-9474",
doi = "10.1016/S0375-9474(01)00983-6",
url = "http://www.sciencedirect.com/science/article/pii/S0375947401009836",
author = "F.A. Danevich and V.V. Kobychev and O.A. Ponkratenko and V.I. Tretyak and Yu.G. Zdesenko"
}

@article{nemo3Te,
  title = "{Measurement of the $\beta\beta$ Decay Half-Life of $^{130}\mathrm{Te}$ with the NEMO-3 Detector}",
  author = {Arnold, R. and others},
  collaboration = {NEMO-3},
  journal = {Phys. Rev. Lett.},
  volume = {107},
  issue = {6},
  pages = {062504},
  numpages = {4},
  year = {2011},
  month = {Aug},
  doi = {10.1103/PhysRevLett.107.062504},
  url = {http://link.aps.org/doi/10.1103/PhysRevLett.107.062504},
  publisher = {American Physical Society}
}

%
@article{SVHiggs,
  title = "{Neutrinoless double-$\beta$ decay in SU(2)$\times$U(1) theories}",
  author = {Schechter, J. and Valle, J. W. F.},
  journal = {Phys. Rev. D},
  volume = {25},
  issue = {11},
  pages = {2951--2954},
  year = {1982},
  month = {Jun},
  doi = {10.1103/PhysRevD.25.2951},
  url = {http://link.aps.org/doi/10.1103/PhysRevD.25.2951},
  publisher = {American Physical Society}
}

%
%Neutron Detector.
%	
@article{Lopez201222,
title = "{A prototype detector for directional measurement of the cosmogenic neutron flux}",
journal = "Nucl.Instrum.Meth.A",
volume = "673",
number = "0",
pages = "22 - 31",
year = "2012",
note = "",
issn = "0168-9002",
doi = "10.1016/j.nima.2012.01.021",
url = "http://www.sciencedirect.com/science/article/pii/S0168900212000587",
author = "J. Lopez and K. Terao and J.M. Conrad and D. Dujmic and L. Winslow",
}

%
%KamLAND
%
@article{fourpi,
      author         = "Berger, B.E. and others",
      title          = "{The KamLAND Full-Volume Calibration System}",
      collaboration  = "KamLAND",
      journal        = "JINST",
      volume         = "4",
      pages          = "P04017",
      doi            = "10.1088/1748-0221/4/04/P04017",
      year           = "2009",
      eprint         = "0903.0441",
      archivePrefix  = "arXiv",
      primaryClass   = "physics.ins-det",
      SLACcitation   = "%%CITATION = ARXIV:0903.0441;%%",
}

@article{kamspall,
      author         = "Abe, S. and others",
      title          = "{Production of Radioactive Isotopes through Cosmic Muon
                        Spallation in KamLAND}",
      collaboration  = "KamLAND",
      journal        = "Phys.Rev.",
      volume         = "C81",
      pages          = "025807",
      doi            = "10.1103/PhysRevC.81.025807",
      year           = "2010",
      eprint         = "0907.0066",
      archivePrefix  = "arXiv",
      primaryClass   = "hep-ex",
      SLACcitation   = "%%CITATION = ARXIV:0907.0066;%%",
}

@article{kamboron,
      author         = "Abe, S. and others",
      title          = "{Measurement of the 8B Solar Neutrino Flux with the
                        KamLAND Liquid Scintillator Detector}",
      collaboration  = "KamLAND",
      journal        = "Phys.Rev.",
      volume         = "C84",
      pages          = "035804",
      doi            = "10.1103/PhysRevC.84.035804",
      year           = "2011",
      eprint         = "1106.0861",
      archivePrefix  = "arXiv",
      primaryClass   = "hep-ex",
      SLACcitation   = "%%CITATION = ARXIV:1106.0861;%%",
}

@article{Gando:2013nba,
      author         = "Gando, A. and others",
      title          = "{Reactor On-Off Antineutrino Measurement with KamLAND}",
      collaboration  = "KamLAND",
      year           = "2013",
      eprint         = "1303.4667",
      archivePrefix  = "arXiv",
      primaryClass   = "hep-ex",
      SLACcitation   = "%%CITATION = ARXIV:1303.4667;%%",
}

@article{Gando:2010aa,
      author         = "Gando, A. and others",
      title          = "{Constraints on $\theta_{13}$ from A Three-Flavor
                        Oscillation Analysis of Reactor Antineutrinos at KamLAND}",
      collaboration  = "KamLAND",
      journal        = "Phys.Rev.",
      volume         = "D83",
      pages          = "052002",
      doi            = "10.1103/PhysRevD.83.052002",
      year           = "2011",
      eprint         = "1009.4771",
      archivePrefix  = "arXiv",
      primaryClass   = "hep-ex",
      SLACcitation   = "%%CITATION = ARXIV:1009.4771;%%",
}

@article{Abe:2008aa,
      author         = "Abe, S. and others",
      title          = "{Precision Measurement of Neutrino Oscillation Parameters
                        with KamLAND}",
      collaboration  = "KamLAND",
      journal        = "Phys.Rev.Lett.",
      volume         = "100",
      pages          = "221803",
      doi            = "10.1103/PhysRevLett.100.221803",
      year           = "2008",
      eprint         = "0801.4589",
      archivePrefix  = "arXiv",
      primaryClass   = "hep-ex",
      SLACcitation   = "%%CITATION = ARXIV:0801.4589;%%",
}

@article{Araki:2004mb,
      author         = "Araki, T. and others",
      title          = "{Measurement of neutrino oscillation with KamLAND:
                        Evidence of spectral distortion}",
      collaboration  = "KamLAND",
      journal        = "Phys.Rev.Lett.",
      volume         = "94",
      pages          = "081801",
      doi            = "10.1103/PhysRevLett.94.081801",
      year           = "2005",
      eprint         = "hep-ex/0406035",
      archivePrefix  = "arXiv",
      primaryClass   = "hep-ex",
      SLACcitation   = "%%CITATION = HEP-EX/0406035;%%",
}

@article{Eguchi:2002dm,
      author         = "Eguchi, K. and others",
      title          = "{First results from KamLAND: Evidence for reactor
                        anti-neutrino disappearance}",
      collaboration  = "KamLAND",
      journal        = "Phys.Rev.Lett.",
      volume         = "90",
      pages          = "021802",
      doi            = "10.1103/PhysRevLett.90.021802",
      year           = "2003",
      eprint         = "hep-ex/0212021",
      archivePrefix  = "arXiv",
      primaryClass   = "hep-ex",
      SLACcitation   = "%%CITATION = HEP-EX/0212021;%%",
}
%
%DAEdALUS.
%
@article{isodar,
      author         = "Bungau, A. and others ",
      collaboration = "IsoDAR",
      title          = "{Proposal for an Electron Antineutrino Disappearance
                        Search Using High-Rate $^{8}$Li Production and Decay}",
      journal        = "Phys.Rev.Lett.",
      volume         = "109",
      pages          = "141802",
      doi            = "10.1103/PhysRevLett.109.141802",
      year           = "2012",
      eprint         = "1205.4419",
      archivePrefix  = "arXiv",
      primaryClass   = "hep-ex",
      SLACcitation   = "%%CITATION = ARXIV:1205.4419;%%",
}


@article{Alonso:2010fs,
      author         = "Alonso, J.  and others",
      title          = "{Expression of Interest for a Novel Search for CP
                        Violation in the Neutrino Sector: DAEdALUS}",
      collaboration = "DAEdALUS",
      year           = "2010",
      eprint         = "1006.0260",
      archivePrefix  = "arXiv",
      primaryClass   = "physics.ins-det",
      SLACcitation   = "%%CITATION = ARXIV:1006.0260;%%",
}

@article{daedaluswhite,
      author         = "Aberle, C. and others",
      collaboration = "DAEdALUS",
      title          = "{Whitepaper on the DAEdALUS Program}",
      year           = "2013",
      eprint         = "1307.2949",
      archivePrefix  = "arXiv",
      primaryClass   = "physics.acc-ph",
      SLACcitation   = "%%CITATION = ARXIV:1307.2949;%%",
}

%
%SNO
%
@article{skboron,
  title = "{Solar neutrino results in Super-Kamiokande-III}",
  author = {Abe, K. and others},
  collaboration = {Super-Kamiokande},
  journal = {Phys. Rev. D},
  volume = {83},
  issue = {5},
  pages = {052010},
  numpages = {19},
  year = {2011},
  month = {Mar},
  doi = {10.1103/PhysRevD.83.052010},
  url = {http://link.aps.org/doi/10.1103/PhysRevD.83.052010},
  publisher = {American Physical Society}
}

@article{snoboron,
      author         = "Aharmim, B. and others",
      title          = "{Combined Analysis of all Three Phases of Solar Neutrino
                        Data from the Sudbury Neutrino Observatory}",
      collaboration  = "SNO",
      year           = "2011",
      eprint         = "1109.0763",
      archivePrefix  = "arXiv",
      primaryClass   = "nucl-ex",
      SLACcitation   = "%%CITATION = ARXIV:1109.0763;%%",
}

%
%Borexino
%
@article{borexinoboron,
  title = "{Measurement of the solar $^{8}\mathrm{B}$ neutrino rate with a liquid scintillator target and 3~MeV energy threshold in the Borexino detector}",
  author = {Bellini, G. and others},
  collaboration = {Borexino},
  journal = {Phys. Rev. D},
  volume = {82},
  issue = {3},
  pages = {033006},
  numpages = {10},
  year = {2010},
  month = {Aug},
  doi = {10.1103/PhysRevD.82.033006},
  url = {http://link.aps.org/doi/10.1103/PhysRevD.82.033006},
  publisher = {American Physical Society}
}

@ARTICLE{spallBorexino,
   author = {{Bellini}, G. and others},
   collaboration="Borexino",
    title = "{Cosmogenic Backgrounds in Borexino at 3800 m water-equivalent depth}",
    journal = {ArXiv e-prints},
    archivePrefix = "arXiv",
    eprint = {1304.7381},
    primaryClass = "physics.ins-det",
    keywords = {Physics - Instrumentation and Detectors, High Energy Physics - Experiment},
    year = 2013,
    month = apr,
    adsurl = {http://adsabs.harvard.edu/abs/2013arXiv1304.7381B},
   adsnote = {Provided by the SAO/NASA Astrophysics Data System}
}



%
%Theta13
%
@article{dayabay,
  title = "{Observation of Electron-Antineutrino Disappearance at Daya Bay}",
  author = {An, F. P. and others},
  collaboration = {Daya Bay},
  journal = {Phys. Rev. Lett.},
  volume = {108},
  issue = {17},
  pages = {171803},
  numpages = {7},
  year = {2012},
  month = {Apr},
  doi = {10.1103/PhysRevLett.108.171803},
  url = {http://link.aps.org/doi/10.1103/PhysRevLett.108.171803},
  publisher = {American Physical Society}
}

@article{dayabaytwo,
      author         = "An, F.P. and others",
      title          = "{Improved Measurement of Electron Antineutrino
                        Disappearance at Daya Bay}",
      collaboration  = "Daya Bay Collaboration",
      journal        = "Chin. Phys.",
      volume         = "C37",
      pages          = "011001",
      doi            = "10.1088/1674-1137/37/1/011001",
      year           = "2013",
      eprint         = "1210.6327",
      archivePrefix  = "arXiv",
      primaryClass   = "hep-ex",
      SLACcitation   = "%%CITATION = ARXIV:1210.6327;%%",
}

@article{reno,
  title = "{Observation of Reactor Electron Antineutrinos Disappearance in the RENO Experiment}",
  author = {Ahn, J. K. and others},
  collaboration = {RENO},
  journal = {Phys. Rev. Lett.},
  volume = {108},
  issue = {19},
  pages = {191802},
  numpages = {6},
  year = {2012},
  month = {May},
  doi = {10.1103/PhysRevLett.108.191802},
  url = {http://link.aps.org/doi/10.1103/PhysRevLett.108.191802},
  publisher = {American Physical Society}
}

%
%Double Chooz.
%

@article{dcone,
  title = "{Indication of Reactor $\overline{\nu}_{e}$ Disappearance in the Double Chooz Experiment}",
  author = {Abe, Y. and others},
  collaboration = {Double Chooz},
  journal = {Phys. Rev. Lett.},
  volume = {108},
  issue = {13},
  pages = {131801},
  numpages = {7},
  year = {2012},
  month = {Mar},
  doi = {10.1103/PhysRevLett.108.131801},
  url = {http://link.aps.org/doi/10.1103/PhysRevLett.108.131801},
  publisher = {American Physical Society}
}


@article{dctwo,
 author         = "Abe, Y. and others",
 title          = "{Reactor electron antineutrino disappearance in the
                        Double Chooz experiment}",
 collaboration  = "Double Chooz",
 journal        = "Phys.Rev.",
 volume         = "D86",
 pages          = "052008",
 doi            = "10.1103/PhysRevD.86.052008",
 year           = "2012",
      eprint         = "1207.6632",
      archivePrefix  = "arXiv",
      primaryClass   = "hep-ex",
      SLACcitation   = "%%CITATION = ARXIV:1207.6632;%%",
}

@article{dchydrogen,
      author         = "Abe, Y. and others",
      title          = "{First Measurement of $\theta_{13}$ from Delayed Neutron
                        Capture on Hydrogen in the Double Chooz Experiment}",
      collaboration  = "Double Chooz",
      journal        = "Phys.Lett.",
      volume         = "B723",
      pages          = "66-70",
      doi            = "10.1016/j.physletb.2013.04.050",
      year           = "2013",
      eprint         = "1301.2948",
      archivePrefix  = "arXiv",
      primaryClass   = "hep-ex",
      SLACcitation   = "%%CITATION = ARXIV:1301.2948;%%",
}


@article{dclorentz,
      author         = "Abe, Y. and others",
      title          = "{First Test of Lorentz Violation with a Reactor-based
                        Antineutrino Experiment}",
      collaboration  = "Double Chooz",
      journal        = "Phys.Rev.",
      volume         = "D86",
      pages          = "112009",
      doi            = "10.1103/PhysRevD.86.112009",
      year           = "2012",
      eprint         = "1209.5810",
      archivePrefix  = "arXiv",
      primaryClass   = "hep-ex",
      SLACcitation   = "%%CITATION = ARXIV:1209.5810;%%",
}

@article{dcoff,
      author         = "Abe, Y. and others",
      title          = "{Direct Measurement of Backgrounds using Reactor-Off Data
                        in Double Chooz}",
      collaboration  = "Double Chooz",
      journal        = "Phys.Rev.",
      volume         = "D87",
      pages          = "011102",
      doi            = "10.1103/PhysRevD.87.011102",
      year           = "2013",
      eprint         = "1210.3748",
      archivePrefix  = "arXiv",
      primaryClass   = "hep-ex",
      SLACcitation   = "%%CITATION = ARXIV:1210.3748;%%",
}


@article{takahama,
  title = "{Reactor simulation for antineutrino experiments using DRAGON and MURE}",
  author = {Jones, C. L. and Bernstein, A. and Conrad, J. M. and Djurcic, Z. and Fallot, M. and Giot, L. and Keefer, G. and Onillon, A. and Winslow, L.},
  journal = {Phys. Rev. D},
  volume = {86},
  issue = {1},
  pages = {012001},
  numpages = {10},
  year = {2012},
  month = {Jul},
  doi = {10.1103/PhysRevD.86.012001},
  url = {http://link.aps.org/doi/10.1103/PhysRevD.86.012001},
  publisher = {American Physical Society}
}

@article{thiago,
      author         = "Bezerra, T.J.C. and Furuta, H. and Suekane, F. and
                        Matsubara, T.",
      title          = "{A Global Fit Determination of Effective $\Delta
                        m_{31}^2$ from Baseline Dependence of Reactor
                        $\bar{\nu}_e$ Disappearances}",
      year           = "2013",
      eprint         = "1304.6259",
      archivePrefix  = "arXiv",
      primaryClass   = "hep-ex",
      SLACcitation   = "%%CITATION = ARXIV:1304.6259;%%",
}

%
%NIST Reactor.
%
@article{nist,
      author         = "Heeger, K.M. and Littlejohn, B.R. and Mumm, H.P.",
      title          = "{Multiple Detectors for a Short-Baseline Neutrino
                        Oscillation Search Near Reactors}",
      year           = "2013",
      eprint         = "1307.2859",
      archivePrefix  = "arXiv",
      primaryClass   = "hep-ex",
      SLACcitation   = "%%CITATION = ARXIV:1307.2859;%%",
}

%
%Non-Proliferation.
%
@ARTICLE{nucifer,
author={Porta, A. and Bui, V. and Cribier, M. and Fallot, M. and Fechner, M. and Giot, L. and Lasserre, T. and Letourneau, A. and Lhuillier, D. and Martino, J. and Mention, G. and Motta, D. and Mueller, T.A. and Queval, R. and Sida, J. L. and Varignon, C. and Yermia, F.},
journal={Nuclear Science, IEEE Transactions on},
title="{Reactor Neutrino Detection for Non-Proliferation With the NUCIFER Experiment}",
year={2010},
volume={57},
number={5},
pages={2732-2739},
keywords={liquid scintillation detectors;neutrino detection;neutrinos;nuclear power stations;Gd-doped liquid scintillator detector;IAEA;International Atomic Energy Agency;NUCIFER Experiment;Pu retrieval;detector response;nonproliferation;nuclear power plant surveys;plutonium content;reactor antineutrino signals;reactor neutrino detection;reactor-emitted antineutrino spectrum;safeguard tool;small volume detector;thermal power;Detectors;Fuels;Inductors;Isotopes;Monitoring;Neutrino sources;Neutrons;Detection;neutrino;reactor;safeguard},
doi={10.1109/TNS.2009.2035119},
ISSN={0018-9499},
}

@article{songs,
title = "{Experimental results from an antineutrino detector for cooperative monitoring of nuclear reactors} ",
journal = "Nucl.Instrum.Meth.A",
volume = "572",
number = "2",
pages = "985 - 998",
year = "2007",
note = "",
issn = "0168-9002",
doi = "http://dx.doi.org/10.1016/j.nima.2006.12.015",
url = "http://www.sciencedirect.com/science/article/pii/S0168900206024326",
author = "N.S. Bowden and A. Bernstein and M. Allen and J.S. Brennan and M. Cunningham and J.K. Estrada and C.M.R. Greaves and C. Hagmann and J. Lund and W. Mengesha and T.D. Weinbeck and C.D. Winant",
keywords = "Nuclear reactor safeguards",
keywords = "Antineutrino detection",
keywords = "Gadolinium loaded liquid scintillator "
}



%
%Reactor Code
%
@Article{DRAGON1994,
	author = "Marleau, G and Roy, R and Hebert, A.",
	title = "{DRAGON: A Collision Probability Transport Code for Cell and Supercell Calculations}",
	journal = "Report IGE-157",
	year = "1994"
}

@inproceedings{Meplan2005,
        author= "Meplan, O. and others",
        collaboration="MURE",
        title = "{MURE: MCNP Utility for Reactor Evolution}",
        booktitle = "ENC 2005: European Nuclear Conference ; Nuclear power for the XXIst century: from basic research to high-tech industry",
        year = "2005" 
}

@Article{MURECode,
	 collaboration="MURE",
	title="{MURE, MCNP Utility for Reactor Evolution: couples Monte-Carlo transport with fuel burnup calculations}",
	journal="NEA-1845/01",
	year="2009"
}

%
%LHC
%
@article{higgsCMS,
title = "{Observation of a new boson at a mass of 125 GeV with the CMS experiment at the LHC }",
journal = "Physics Letters B ",
volume = "716",
number = "1",
pages = "30 - 61",
year = "2012",
note = "",
issn = "0370-2693",
doi = "10.1016/j.physletb.2012.08.021",
url = "http://www.sciencedirect.com/science/article/pii/S0370269312008581",
author = "S. Chatrchyan and others",
collaboration="CMS",
keywords = "\{CMS\}",
keywords = "Physics",
keywords = "Higgs "
}

@article{higgsATLAS,
title = "{Observation of a new particle in the search for the Standard Model Higgs boson with the ATLAS detector at the LHC}",
journal = "Physics Letters B ",
volume = "716",
number = "1",
pages = "1 - 29",
year = "2012",
note = "",
issn = "0370-2693",
doi = "10.1016/j.physletb.2012.08.020",
url = "http://www.sciencedirect.com/science/article/pii/S037026931200857X",
author = "G. Aad and others",
collaboration="ATLAS"
}

%
%0nuBB References
%
@article{RevBB,
      author         = "Avignone III, Frank T. and Elliott, Steven R. and Engel, Jonathan",
      title          = "{Double Beta Decay, Majorana Neutrinos, and Neutrino
                        Mass}",
      journal        = "Rev.Mod.Phys.",
      volume         = "80",
      pages          = "481-516",
      doi            = "10.1103/RevModPhys.80.481",
      year           = "2008",
      eprint         = "0708.1033",
      archivePrefix  = "arXiv",
      primaryClass   = "nucl-ex",
      reportNumber   = "LA-UR-07-3577",
      SLACcitation   = "%%CITATION = ARXIV:0708.1033;%%",
}

%
%Majoron References.
%
@article{Gelmini:1980re,
      author         = "Gelmini, G.B. and Roncadelli, M.",
      title          = "{Left-Handed Neutrino Mass Scale and Spontaneously Broken
                        Lepton Number}",
      journal        = "Phys.Lett.",
      volume         = "B99",
      pages          = "411",
      doi            = "10.1016/0370-2693(81)90559-1",
      year           = "1981",
      reportNumber   = "MPI-PAE-PTH-50-80",
      SLACcitation   = "%%CITATION = PHLTA,B99,411;%%",
}

@article{Burgess:1993xh,
      author         = "Burgess, C.P. and Cline, James M.",
      title          = "{A New class of Majoron emitting double beta decays}",
      journal        = "Phys.Rev.",
      volume         = "D49",
      pages          = "5925-5944",
      doi            = "10.1103/PhysRevD.49.5925",
      year           = "1994",
      eprint         = "hep-ph/9307316",
      archivePrefix  = "arXiv",
      primaryClass   = "hep-ph",
      reportNumber   = "MCGILL-93-02, TPI-MINN-93-28-T, UMN-TH-1204-93",
      SLACcitation   = "%%CITATION = HEP-PH/9307316;%%",
}

@article{Bamert:1994hb,
      author         = "Bamert, P. and Burgess, C.P. and Mohapatra, R.N.",
      title          = "{Multi - Majoron modes for neutrinoless double beta
                        decay}",
      journal        = "Nucl.Phys.",
      volume         = "B449",
      pages          = "25-48",
      doi            = "10.1016/0550-3213(95)00273-U",
      year           = "1995",
      eprint         = "hep-ph/9412365",
      archivePrefix  = "arXiv",
      primaryClass   = "hep-ph",
      reportNumber   = "NEIP-94-010, MCGILL-94-18A, UMD-PP-95-78",
      SLACcitation   = "%%CITATION = HEP-PH/9412365;%%",
}



%
%Reference
%
@article{Beringer:1900zz,
      author         = "Beringer, J. and others",
      title          = "{Review of Particle Physics (RPP)}",
      collaboration  = "Particle Data Group",
      journal        = "Phys.Rev.",
      volume         = "D86",
      pages          = "010001",
      doi            = "10.1103/PhysRevD.86.010001",
      year           = "2012",
      SLACcitation   = "%%CITATION = PHRVA,D86,010001;%%",
}


%
%Photodetectors.
%
@PHDTHESIS{hpdThesis,
	author="Kawai, Yoshihiko",
	title="{Development of a Hybrid Photon-Detector Module for Next Generation Water-Cherenkov Detectors}",
	school="The Graduate University for Advanced Studies (SOKENDAI)",
	year="2007"
}

@Misc{LAPPDSum,
	collaboration="{LAPPD}",
	author = "Anderson, J. and others",
	title = "{The Development of Large-Area Fast Photo-detectors}",
	year = "2009",
	note="{http://psec.uchicago.edu/library/doclib/documents/60/}"
}

@Misc{LAPPDTDR,
	collaboration = "{LAPPD}",
	title = "{Technical Design Report for the frugal MCP}",
	year = "2010",
	note="{http://psec.uchicago.edu/library/doe\_reports/TDR.pdf}"
}

%
%The unpublished ones...hopefully arXiv numbers soon.
%

@article{isodarscatt,
      author         = "Conrad, J.M. and Shaevitz, M.H. and Shimizu, I. and Spitz, J. and Toups, M. and Winslow, L.",
      title          = "{Precision $\bar \nu_e$-electron Scattering Measurements with IsoDAR to Search for New Physics}",
      year           = "2013",
      eprint         = "1307.5081",
      archivePrefix  = "arXiv",
      primaryClass   = "hep-ex",
      SLACcitation   = "%%CITATION = ARXIV:1307.5081;%%",
}

@article{direction2013,
      AUTHOR       = {Aberle, C. and Elagin, A. and Frisch, H. and Wetstein, M. and Winslow, L.},
      title          = "{Measuring Directionality in Double-Beta Decay and Neutrino Interactions with Kiloton-Scale Scintillation Detectors}",
      year           = "2013",
      eprint         = "1307.5813",
      archivePrefix  = "arXiv",
      primaryClass   = "physics.ins-det",
      SLACcitation   = "%%CITATION = ARXIV:1307.5813;%%",
}

@article{qdot2013,
      author         = "Aberle, C. and Li, J.J. and Weiss, S. and Winslow, L.",
      title          = "{Optical Properties of Quantum-Dot-Doped Liquid Scintillators}",
      journal        = "JINST",
      volume         = "8",
      pages          = "P10015",
      doi            = "10.1088/1748-0221/8/10/P10015",
      year           = "2013",
      eprint         = "1307.4742",
      archivePrefix  = "arXiv",
      primaryClass   = "physics.ins-det",
      SLACcitation   = "%%CITATION = ARXIV:1307.4742;%%",
}

%  
%Qdot published.
%
@article{qdot,
  author={L Winslow and R Simpson},
  title="{Characterizing quantum-dot-doped liquid scintillator for applications to neutrino detectors}",
  journal={Journal of Instrumentation},
  volume={7},
  number={07},
  pages={P07010},
  url={http://stacks.iop.org/1748-0221/7/i=07/a=P07010},
  year={2012}
}

%
%Hierarchy
%
@article{juno,
      author         = "Li, Yu-Feng and Cao, Jun and Wang, Yifang and Zhan, Liang",
      title          = "{Unambiguous Determination of the Neutrino Mass Hierarchy Using Reactor Neutrinos}",
      year           = "2013",
      eprint         = "1303.6733",
      archivePrefix  = "arXiv",
      primaryClass   = "hep-ex",
      SLACcitation   = "%%CITATION = ARXIV:1303.6733;%%",
}

@Misc{reno50,
title = "{RENO-50 - International Workshop on toward Neutrino Mass Hierarchy}",
month = jun,
year = {2009},
url = {http://home.kias.re.kr/MKG/h/reno50/}
}

%
%LENA
%
@article{lena,
      author         = "Wurm, Michael and others",
      title          = "{The next-generation liquid-scintillator neutrino
                        observatory LENA}",
      collaboration  = "LENA",
      journal        = "Astropart.Phys.",
      volume         = "35",
      pages          = "685-732",
      doi            = "10.1016/j.astropartphys.2012.02.011",
      year           = "2012",
      eprint         = "1104.5620",
      archivePrefix  = "arXiv",
      primaryClass   = "astro-ph.IM",
      SLACcitation   = "%%CITATION = ARXIV:1104.5620;%%",
}

%
%Egads.
%
@article{egads,
      author         = "Renshaw, Andrew",
      title          = "{Research and Development for a Gadolinium Doped Water
                        Cherenkov Detector}",
      year           = "2012",
      eprint         = "1201.1017",
      archivePrefix  = "arXiv",
      primaryClass   = "physics.ins-det",
      SLACcitation   = "%%CITATION = ARXIV:1201.1017;%%",
}


%
%SNO+
%
@article{biller,
      author         = "Biller, Steven D",
      title          = "{Probing Majorana neutrinos in the regime of the normal
                        mass hierarchy}",
      journal        = "Phys.Rev.",
      volume         = "D87",
      pages          = "071301",
      doi            = "10.1103/PhysRevD.87.071301",
      year           = "2013",
      eprint         = "1306.5654",
      archivePrefix  = "arXiv",
      primaryClass   = "physics.ins-det",
      SLACcitation   = "%%CITATION = ARXIV:1306.5654;%%",
}


@article{snop,
title = "{The rich neutrino programme of the SNO+Êexperiment} ",
journal = "Progress in Particle and Nuclear Physics ",
volume = "64",
number = "2",
pages = "273 - 277",
year = "2010",
note = "{Neutrinos in Cosmology, in Astro, Particle and Nuclear Physics, International Workshop on Nuclear Physics, 31st course}",
issn = "0146-6410",
doi = "http://dx.doi.org/10.1016/j.ppnp.2009.12.027",
url = "http://www.sciencedirect.com/science/article/pii/S0146641009001057",
author = "Christine Kraus and Simon J.M. Peeters",
keywords = "Double beta decay",
keywords = "Solar neutrinos",
keywords = "Liquid scintillator "
}



%
%Geant 4
%
@article{geant4one,
      author         = "Agostinelli, S. and others",
      title          = "{GEANT4: A Simulation toolkit}",
      collaboration  = "GEANT4",
      journal        = "Nucl.Instrum.Meth.",
      volume         = "A506",
      pages          = "250-303",
      doi            = "10.1016/S0168-9002(03)01368-8",
      year           = "2003",
      reportNumber   = "SLAC-PUB-9350, FERMILAB-PUB-03-339",
      SLACcitation   = "%%CITATION = NUIMA,A506,250;%%",
}

@ARTICLE{geant4two,
author={Allison, J. and others},
collaboration  = "GEANT4",
journal={Nuclear Science, IEEE Transactions on},
title="{Geant4 developments and applications}",
year={2006},
volume={53},
number={1},
pages={270-278},
keywords={physics computing;Geant4;astrophysics;high energy physics;performance optimization;space science;Application software;Astrophysics;Kernel;Large Hadron Collider;Medical simulation;Object oriented modeling;Physics;Production;Protection;Software tools;Electromagnetic interactions;hadronic interactions;object-oriented technology;particle interactions;physics validation;simulation},
doi={10.1109/TNS.2006.869826},
ISSN={0018-9499}
}

@misc{epics,
	title="{EPICS}",
	month={October},
	year={2012},
	url={http://www.aps.anl.gov/epics/}
}

@misc{midas,
	title="{MIDAS}",
	month={October},
	year={2012},
	url={http://midas.psi.ch}
}

@misc{tango,
	title="{TANGO}",
	month={September},
	year={2013},
	url={http://www.tango-controls.org/}
}

@misc{tine,
	title="{TINE}",
	month={October},
	year={2012},
	url={http://adweb.desy.de/mcs/tine/}
}

@misc{orca,
	title="{ORCA}",
	month={October},
	year={2012},
	url={http://orca.physics.unc.edu}
}

%%
%%%% photon speed papers
%%
@article{group_velocity_article,
  title = "{Dispersion cancellation in a measurement of the single-photon propagation velocity in glass}",
  author = {Steinberg, A. M. and Kwiat, P. G. and Chiao, R. Y.},
  journal = {Phys. Rev. Lett.},
  volume = {68},
  issue = {16},
  pages = {2421--2424},
  year = {1992},
  month = {Apr},
  doi = {10.1103/PhysRevLett.68.2421},
  url = {http://link.aps.org/doi/10.1103/PhysRevLett.68.2421},
  publisher = {American Physical Society}
}

@article{pdg_review_2012,
      author         = "Beringer, J. and others",
      title          = "{Review of Particle Physics (RPP)}",
      collaboration  = "Particle Data Group",
      journal        = "Phys. Rev.",
      volume         = "D86",
      pages          = "010001",
      doi            = "10.1103/PhysRevD.86.010001",
      year           = "2012",
      SLACcitation   = "%%CITATION = PHRVA,D86,010001;%%",
}

@article{tamm1939, 
      author         = "Tamm, I.",
      title          = " ",
      journal        = "J. Phys. U.S.S.R.",
      volume         = "1",
      pages          = "439",
      year           = "1939"
}


%
% Outreach.
%
@misc{compass,
	title="{The Compass Project}",
	month={July},
	year={2013},
	url={http://www.berkeleycompassproject.org/}
}

%
%Statistics.
%
@misc{uclademographics,
	title="{UCLA Office of Analysis and Information Management}",
	month={July},
	year={2013},
	url={http://www.aim.ucla.edu/}
}

%
%Transfer Students General.
%
@misc{transfergeneral,
	title="{Affordability and Transfer: Critical to Increasing Baccalaureate Degree Completion}",
	month={June},
	year={2011},
	url={http://www.highereducation.org/reports/pa_at/}
}

%
%John
%
@article{john,
      author         = "Learned, John G.",
      title          = "{High Energy Neutrino Physics with Liquid Scintillation
                        Detectors}",
      year           = "2009",
      eprint         = "0902.4009",
      archivePrefix  = "arXiv",
      primaryClass   = "hep-ex",
      SLACcitation   = "%%CITATION = ARXIV:0902.4009;%%",
}

%
%Chooz
%
@article{chooz,
      author         = "Apollonio, M. and others",
      title          = "{Search for neutrino oscillations on a long baseline at
                        the CHOOZ nuclear power station}",
      collaboration  = "CHOOZ Collaboration",
      journal        = "Eur.Phys.J.",
      volume         = "C27",
      pages          = "331-374",
      doi            = "10.1140/epjc/s2002-01127-9",
      year           = "2003",
      eprint         = "hep-ex/0301017",
      archivePrefix  = "arXiv",
      primaryClass   = "hep-ex",
      SLACcitation   = "%%CITATION = HEP-EX/0301017;%%",
}